@Article{Architectural:specifications:in:CASL,
title = {Architectural specifications in CASL},
author = {Michel Bidoit, Donald Sannella, Andrzej Tarlecki},
journal = {Polish Academy of Sciences, Warsaw, Poland},
year = {2000},
pages = {9},
month = {01}
}